<record><leader>00000cas a2200000 a 4500</leader><controlfield tag="001">10939862</controlfield><controlfield tag="008">840712d18331836nhuwr ne      0    0eng  </controlfield><datafield ind1=" " ind2=" " tag="010"><subfield code="a">sn 84020487 </subfield></datafield><datafield ind1=" " ind2=" " tag="040"><subfield code="a">DLC</subfield><subfield code="b">eng</subfield><subfield code="c">DLC</subfield><subfield code="d">NPU</subfield><subfield code="d">YOX</subfield><subfield code="d">NVH</subfield><subfield code="d">FUG</subfield><subfield code="d">NVK</subfield><subfield code="d">NVF</subfield><subfield code="d">TGN</subfield><subfield code="d">DLC</subfield><subfield code="d">NYS</subfield><subfield code="d">DLC</subfield><subfield code="d">KRTAS</subfield><subfield code="d">OCLCQ</subfield><subfield code="d">OCLCO</subfield><subfield code="d">OCLCF</subfield></datafield><datafield ind1="1" ind2=" " tag="029"><subfield code="a">AU@</subfield><subfield code="b">000003750875</subfield></datafield><datafield ind1=" " ind2=" " tag="042"><subfield code="a">pcc</subfield></datafield><datafield ind1=" " ind2=" " tag="043"><subfield code="a">n-us-nh</subfield></datafield><datafield ind1="0" ind2="0" tag="050"><subfield code="a">Newspaper 8759</subfield></datafield><datafield ind1="0" ind2="4" tag="245"><subfield code="a">The Portsmouth journal of literature &amp; politics Rockingham gazette &amp; state herald.</subfield></datafield><datafield ind1="3" ind2=" " tag="246"><subfield code="a">Portsmouth journal of literature and politics Rockingham gazette and state herald</subfield></datafield><datafield ind1="3" ind2="0" tag="246"><subfield code="a">Rockingham gazette &amp; state herald</subfield></datafield><datafield ind1="1" ind2="3" tag="246"><subfield code="a">Portsmouth journal of literature and politics</subfield><subfield code="f">&lt;1834-1836&gt;</subfield></datafield><datafield ind1=" " ind2=" " tag="260"><subfield code="a">Portsmouth, N.H. :</subfield><subfield code="b">T.H. Miller &amp; C.W. Brewster,</subfield><subfield code="c">1833-1836.</subfield></datafield><datafield ind1=" " ind2=" " tag="300"><subfield code="a">3 v.</subfield></datafield><datafield ind1=" " ind2=" " tag="310"><subfield code="a">Weekly</subfield></datafield><datafield ind1="0" ind2=" " tag="362"><subfield code="a">Vol. 44, no. 23 (June 8, 1833)-v. 47, no. 32 (Aug. 6, 1836).</subfield></datafield><datafield ind1=" " ind2=" " tag="530"><subfield code="a">Available on microfilm from Readex Microprint Corp.</subfield></datafield><datafield ind1=" " ind2="0" tag="651"><subfield code="a">Portsmouth (N.H.)</subfield><subfield code="v">Newspapers.</subfield></datafield><datafield ind1=" " ind2="0" tag="651"><subfield code="a">Rockingham County (N.H.)</subfield><subfield code="v">Newspapers.</subfield></datafield><datafield ind1=" " ind2="7" tag="655"><subfield code="a">Newspapers.</subfield><subfield code="2">fast</subfield><subfield code="0">(OCoLC)fst01423814</subfield></datafield><datafield ind1=" " ind2="7" tag="651"><subfield code="a">New Hampshire</subfield><subfield code="z">Portsmouth.</subfield><subfield code="2">fast</subfield><subfield code="0">(OCoLC)fst01207640</subfield></datafield><datafield ind1=" " ind2="7" tag="651"><subfield code="a">New Hampshire</subfield><subfield code="z">Rockingham County.</subfield><subfield code="2">fast</subfield><subfield code="0">(OCoLC)fst01211980</subfield></datafield><datafield ind1=" " ind2=" " tag="752"><subfield code="a">United States</subfield><subfield code="b">New Hampshire</subfield><subfield code="c">Rockingham</subfield><subfield code="d">Portsmouth.</subfield></datafield><datafield ind1="0" ind2=" " tag="775"><subfield code="t">Daily Portsmouth journal</subfield><subfield code="g">1834</subfield><subfield code="w">(DLC)sn 84023430</subfield><subfield code="w">(OC0LC)10886038</subfield></datafield><datafield ind1="0" ind2=" " tag="775"><subfield code="t">Portsmouth journal of literature &amp; politics (Portsmouth, N.H. : Triweekly)</subfield><subfield code="g">&lt;1834&gt;</subfield><subfield code="w">(DLC)sn 84023364</subfield><subfield code="w">(OCoLC)10843774</subfield></datafield><datafield ind1="0" ind2="0" tag="780"><subfield code="t">Portsmouth journal and Rockingham gazette</subfield><subfield code="w">(DLC)sn 84023361</subfield><subfield code="w">(OCoLC)10842778</subfield></datafield><datafield ind1="0" ind2="0" tag="785"><subfield code="t">Portsmouth journal of literature &amp; politics (Portsmouth, N.H. : 1836)</subfield><subfield code="w">(DLC)sn 84023363</subfield><subfield code="w">(OCoLC)10843707</subfield></datafield><datafield ind1=" " ind2=" " tag="938"><subfield code="a">Kirtas Technologies, Inc.</subfield><subfield code="b">KRTS</subfield><subfield code="n">738609</subfield></datafield></record>